<record><leader>00000cas a2200000 a 4500</leader><controlfield tag="001">13517251</controlfield><controlfield tag="008">860501c19189999ohudn n       0   a0eng d</controlfield><datafield ind1=" " ind2=" " tag="010"><subfield code="a">sn 87075211 </subfield></datafield><datafield ind1=" " ind2=" " tag="040"><subfield code="a">MCU</subfield><subfield code="b">eng</subfield><subfield code="c">MCU</subfield><subfield code="d">ONP</subfield><subfield code="d">NSD</subfield><subfield code="d">ONP</subfield><subfield code="d">NSD</subfield><subfield code="d">OCLCQ</subfield><subfield code="d">DLC</subfield></datafield><datafield ind1=" " ind2=" " tag="012"><subfield code="l">1</subfield></datafield><datafield ind1="1" ind2=" " tag="022"><subfield code="a">1064-2005</subfield><subfield code="l">1064-2005</subfield><subfield code="2">1</subfield></datafield><datafield ind1=" " ind2=" " tag="037"><subfield code="b">The Athens Messenger, Rte. 33 North &amp; Johnson Rd., Athens, OH 45701</subfield></datafield><datafield ind1=" " ind2=" " tag="042"><subfield code="a">nsdp</subfield><subfield code="a">msc</subfield></datafield><datafield ind1=" " ind2=" " tag="043"><subfield code="a">n-us-oh</subfield></datafield><datafield ind1="1" ind2="0" tag="050"><subfield code="a">ISSN RECORD</subfield></datafield><datafield ind1="1" ind2="0" tag="082"><subfield code="a">070</subfield><subfield code="2">23</subfield></datafield><datafield ind1="0" ind2=" " tag="130"><subfield code="a">Athens messenger (Athens, Ohio : 1918)</subfield></datafield><datafield ind1=" " ind2="4" tag="222"><subfield code="a">The Athens messenger</subfield><subfield code="b">(1918)</subfield></datafield><datafield ind1="1" ind2="4" tag="245"><subfield code="a">The Athens messenger.</subfield></datafield><datafield ind1="3" ind2="0" tag="246"><subfield code="a">Sunday messenger</subfield></datafield><datafield ind1=" " ind2=" " tag="260"><subfield code="a">Athens, Ohio :</subfield><subfield code="b">Athens Messenger and Herald Print. Co.,</subfield><subfield code="c">1918-</subfield></datafield><datafield ind1=" " ind2=" " tag="300"><subfield code="a">v.</subfield></datafield><datafield ind1=" " ind2=" " tag="310"><subfield code="a">Daily (except Sat.),</subfield><subfield code="b">Oct. 1, 1922-</subfield></datafield><datafield ind1=" " ind2=" " tag="321"><subfield code="a">Daily (except Sun.),</subfield><subfield code="b">Mar. 14, 1918-Sept. 29, 1922</subfield></datafield><datafield ind1="0" ind2=" " tag="362"><subfield code="a">Vol. 13, no. 94 (Mar. 14, 1918)-</subfield></datafield><datafield ind1=" " ind2=" " tag="500"><subfield code="a">Republican, 1918-1937; Independent, 1938-</subfield></datafield><datafield ind1=" " ind2=" " tag="500"><subfield code="a">On Sundays published as: Sunday messenger.</subfield></datafield><datafield ind1=" " ind2=" " tag="588"><subfield code="a">Latest issue consulted: Vol. 108, no. 276 (October 10, 2013).</subfield></datafield><datafield ind1=" " ind2="4" tag="651"><subfield code="a">Athens (Ohio)</subfield><subfield code="v">Newspapers.</subfield></datafield><datafield ind1=" " ind2="4" tag="651"><subfield code="a">Athens County (Ohio)</subfield><subfield code="v">Newspapers.</subfield></datafield><datafield ind1=" " ind2=" " tag="752"><subfield code="a">United States</subfield><subfield code="b">Ohio</subfield><subfield code="c">Athens</subfield><subfield code="d">Athens.</subfield></datafield><datafield ind1="0" ind2="8" tag="776"><subfield code="i">Online version:</subfield><subfield code="t">Athens messenger (Athens, Ohio : 1918)</subfield><subfield code="x">2332-8932</subfield><subfield code="w">(DLC)  2013273901</subfield><subfield code="w">(OCoLC)849807588</subfield></datafield><datafield ind1="0" ind2="0" tag="780"><subfield code="t">Athens daily messenger</subfield><subfield code="w">(DLC)sn 83035262</subfield><subfield code="w">(OCoLC)9672213</subfield></datafield><datafield ind1="1" ind2=" " tag="029"><subfield code="a">AU@</subfield><subfield code="b">000025800376</subfield></datafield></record>